<?xml version="1.0" encoding="UTF-8"?><collection xmlns="http://www.loc.gov/MARC21/slim"><record><leader>00335nam--2200133-i-4500</leader><controlfield tag="001">000032317</controlfield><controlfield tag="002">20161230</controlfield><controlfield tag="005">20161230201039</controlfield><controlfield tag="008">060222s1000------------r-----000-0-eng-d</controlfield><datafield ind1=" " ind2=" " tag="080"><subfield code="a">531</subfield></datafield><datafield ind1=" " ind2=" " tag="245"><subfield code="a">Mecanica cuantica.editia a treia</subfield></datafield><datafield ind1=" " ind2=" " tag="260"><subfield code="a">Bucuresti, Editura Tehnica, 1968. 1087p</subfield></datafield><datafield ind1=" " ind2=" " tag="700"><subfield code="a">Valvovici, Victor/S.A.</subfield></datafield><datafield ind1=" " ind2=" " tag="852"><subfield code="a">26975</subfield></datafield></record></collection>